<?xml version="1.0" encoding="UTF-8"?><collection xmlns="http://www.loc.gov/MARC21/slim"><record><leader>00674nam--2200217-u-4500</leader><controlfield tag="001">000053394</controlfield><controlfield tag="002">20161230</controlfield><controlfield tag="005">20161230201051</controlfield><controlfield tag="008">110324s1000------------r-----000-0-eng-d</controlfield><datafield ind1=" " ind2=" " tag="020"><subfield code="a">0792362586</subfield></datafield><datafield ind1=" " ind2=" " tag="040"><subfield code="a">IFIN-HH</subfield></datafield><datafield ind1=" " ind2=" " tag="080"><subfield code="a">(530.1:51.7):519.7</subfield></datafield><datafield ind1="1" ind2=" " tag="100"><subfield code="a">Coecke, Bob</subfield></datafield><datafield ind1="1" ind2="0" tag="245"><subfield code="a">Current research in operational quantum logic</subfield><subfield code="b">Algebras, categories, languages</subfield><subfield code="c">Bob coecke; david moore; alex(ander) wilce (eds.)</subfield></datafield><datafield ind1=" " ind2=" " tag="260"><subfield code="a">Dordrecht</subfield><subfield code="b">Kluwer Academic Publishers</subfield><subfield code="c">2000</subfield></datafield><datafield ind1=" " ind2=" " tag="300"><subfield code="a">320P</subfield></datafield><datafield ind1=" " ind2=" " tag="490"><subfield code="a">Fundamental Theories Of Physics</subfield></datafield><datafield ind1=" " ind2="4" tag="650"><subfield code="a">Quantum Logic</subfield></datafield><datafield ind1="1" ind2=" " tag="700"><subfield code="a">Wilce, Alex(Ander)</subfield><subfield code="e">Ed</subfield></datafield><datafield ind1=" " ind2=" " tag="852"><subfield code="a">81741</subfield><subfield code="c">530.1</subfield></datafield><datafield ind1=" " ind2=" " tag="CAT"><subfield code="a">Sys</subfield><subfield code="c">20110324</subfield><subfield code="h">093158</subfield></datafield></record></collection>